@incollection{ugulino2012wearable,
  title={Wearable computing: accelerometersâ€™ data classification of body postures and movements},
  author={Ugulino, Wallace and Cardador, D{\'e}bora and Vega, Katia and Velloso, Eduardo and Milidi{\'u}, Ruy and Fuks, Hugo},
  booktitle={Advances in Artificial Intelligence-SBIA 2012},
  pages={52--61},
  year={2012},
  publisher={Springer}
}

